 @ARTICLE{Yin07,
    author = {KangKang Yin and Kevin Loken and Michiel van de Panne},
    title = {SIMBICON: Simple Biped Locomotion Control},
    journal = {ACM Trans. Graph.},
    year = {2007},
    volume = {26},
    number = {3},
    pages = {Article 105}
}


@article{2013-TOG-MuscleBasedBipeds,
  title={Flexible Muscle-Based Locomotion for Bipedal Creatures},
  author={Thomas Geijtenbeek and Michiel van de Panne and A. Frank van der Stappen},
  journal={ACM Transactions on Graphics},
  year={2013},
  volume = {32},
  number = {6},
  publisher={ACM SIGGRAPH}
}

@article{2012-TOG-TerrainRunner,
  title={Terrain runner: control, parameterization, composition, and planning for highly dynamic motions},
  author={Liu, Libin and Yin, KangKang and van de Panne, Michiel and Guo, Baining},
  journal={ACM Transactions on Graphics (TOG)},
  volume={31},
  number={6},
  pages={154},
  year={2012},
  publisher={ACM}
}

@ARTICLE{2011-TOG-quadruped,
    author = {Stelian Coros and Andrej Karpathy and Ben Jones and Lionel Reveret and Michiel van de Panne},
    title = {Locomotion Skills for Simulated Quadrupeds},
    journal = {ACM Transactions on Graphics},
    year = {2011},
    volume = {30},
    number = {4},
    pages = {Article TBD}
}

@ARTICLE{2010-TOG-gbwc,
    author = {Stelian Coros and Philippe Beaudoin and Michiel van de Panne},
    title = {Generalized Biped Walking Control},
    journal = {ACM Transctions on Graphics},
    year = {2010},
    volume = {29},
    number = {4},
    pages = {Article 130}
}

@ARTICLE{Coros09,
    author = {Stelian Coros and Philippe Beaudoin and Michiel van de Panne},
    title = {Robust Task-based Control Policies for Physics-based Characters},
    journal = {ACM Trans. Graph. (Proc. SIGGRAPH Asia)},
    year = {2009},
    volume = {28},
    number = {5},
    pages = {Article 170}
}

@article{coumans2013bullet,
  title={Bullet physics library},
  author={Coumans, Erwin and others},
  journal={Open source: bulletphysics.org},
  year={2013}
}

@book{featherstone2014rigid,
  title={Rigid body dynamics algorithms},
  author={Featherstone, Roy},
  year={2014},
  publisher={Springer}
}

@misc{catto2013box2d,
  title={Box2d: A 2d physics engine for games},
  author={Catto, Erin},
  year={2013}
}
